<?xml version="1.0" encoding="UTF-8"?><collection xmlns="http://www.loc.gov/MARC21/slim"><record><leader>00370nam--2200133-i-4500</leader><controlfield tag="001">000014508</controlfield><controlfield tag="002">20161230</controlfield><controlfield tag="005">20161230201030</controlfield><controlfield tag="008">060222s1000------------r-----000-0-eng-d</controlfield><datafield ind1=" " ind2=" " tag="080"><subfield code="a">541.128:547</subfield></datafield><datafield ind1=" " ind2=" " tag="100"><subfield code="a">Mircea Vlassa /S.A</subfield></datafield><datafield ind1=" " ind2=" " tag="245"><subfield code="a">Catalizarea prin transfer interfazic. aplicati i in chimia organica</subfield></datafield><datafield ind1=" " ind2=" " tag="260"><subfield code="a">Cluj-napoca, Ed. Dacia, 1983. 302 P</subfield></datafield><datafield ind1=" " ind2=" " tag="852"><subfield code="a">71302</subfield></datafield></record></collection>